@online{ur,
	author = {{Universal Robots (Germany) GmbH}},
	title = {Mit Cobots Ihre Produktion automatisieren | Universal Robots},
	url = {https://www.universal-robots.com/de/produkte/},
	lastchecked = {21.02.2022},
	year = {}
}

@online{sm_plugin,
	author = {{MathWorks}},
	title = {Install the Simscape Multibody Link Plugin	- MATLAB \& Simulink - MathWorks Deutschland},
	url = {https://de.mathworks.com/help/physmod/smlink/ug/installing-and-linking-simmechanics-link-software.html},
	lastchecked = {21.02.2022},
	year = {}
}